@article{Mapleson2016,
    author = {Mapleson, Daniel and Garcia Accinelli, Gonzalo and Kettleborough, George and Wright, Jonathan and Clavijo, Bernardo J},
    title = "{KAT: a K-mer analysis toolkit to quality control NGS datasets and genome assemblies}",
    journal = {Bioinformatics},
    volume = {33},
    number = {4},
    pages = {574-576},
    year = {2016},
    doi = {10.1093/bioinformatics/btw663}
}


