@article{DeKayne2022,
   author = {De-Kayne, R. and Selz, O.M. and Marques, D.A. and Frei, D. and Seehausen, O. and Feulner, P.G.D.},
   title = "{Genomic architecture of adaptive radiation and hybridization in Alpine whitefish}",
   journal = {Nature Communications},
   year = {2022},
   volume = {13},
   pages = {4479},
   doi = {10.1038/s41467-022-32181-8},
   note = {}
}
@article{Frei2022,
   author = {Frei, D. and De-Kayne, R. and Selz, O.M. and Seehausen, O. and Feulner, P.G.D.},
   title = {Genomic variation from an extinct species is retained in the extant radiation following speciation reversal},
   journal = "{Nature Ecology \& Evolution}",
   year = {2022},
   volume = {6},
   pages = {461--468},
   doi = {10.1038/s41559-022-01665-7},
   note = {}
}
@article{DeKayne2020,
   author = {De-Kayne, R. and Zoller, S. and Feulner, P.G.D.},
   title = "{A de novo chromosome-level genome assembly of Coregonus sp. 'Balchen': One representative of the Swiss Alpine whitefish radiation}",
   journal = {Molecular Ecology Resources},
   volume = {20},
   number = {4},
   pages = {1093--1109},
   doi = {10.1111/1755-0998.13187},
   year = {2020},
   note = {}
}
@Manual{Pages2019,
   title = {Biostrings: Efficient manipulation of biological strings},
   author = {H. Pagès and P. Aboyoun and R. Gentleman and S. DebRoy},
   year = {2019},
   note = {R package version 2.54.0},
}
@misc{Li2013,
   doi = {10.48550/ARXIV.1303.3997},
   url = {https://arxiv.org/abs/1303.3997},
   author = {Li, Heng},
   title = {Aligning sequence reads, clone sequences and assembly contigs with BWA-MEM},
   publisher = {arXiv},
   year = {2013},
   copyright = {arXiv.org perpetual, non-exclusive license}
}
@article{Keightley2018,
    author = {Keightley, P.D. and Jackson, B.C.},
    title = "{Inferring the Probability of the Derived vs. the Ancestral Allelic State at a Polymorphic Site}",
    journal = {Genetics},
    volume = {209},
    number = {3},
    pages = {897-906},
    year = {2018},
    doi = {10.1534/genetics.118.301120}
}
@article{Merot2022,
   author = {Mérot, C. and Stenløkk, K.S.R. and Venney, C. and Laporte, M. and Moser, M. and Normandeau, E. and Árnyasi, M. and Kent, M. and Rougeux, C. and Flynn, J.M. and Lien, S. and Bernatchez, L.},
   title = {Genome assembly, structural variants, and genetic differentiation between lake whitefish young species pairs (Coregonus sp.) with long and short reads},
   journal = {Molecular Ecology},
   volume = {n/a},
   number = {n/a},
   pages = {},
   doi = {10.1111/mec.16468},
   note = {Encara no inclòs en un número de la revista. Ensamblen els genomes dels ecomorfs gran i petit de C. cupleaformis i comparen la variació estructural.}
}
