@article{Feulner2019,
  author = {Feulner, Philine G. D. and Seehausen, Ole},
  title = {Genomic insights into the vulnerability of sympatric whitefish species flocks},
  journal = {Molecular Ecology},
  volume = {28},
  number = {3},
  pages = {615-629},
  doi = {10.1111/mec.14977},
  year = {2019}
}
@article {De-Kayne2018,
	author = {De-Kayne, Rishi and Feulner, Philine G. D.},
	title = {A European Whitefish Linkage Map and Its Implications for Understanding Genome-Wide Synteny Between Salmonids Following Whole Genome Duplication},
	volume = {8},
	number = {12},
	pages = {3745--3755},
	year = {2018},
	doi = {10.1534/g3.118.200552},
	journal = {G3: Genes, Genomes, Genetics}
}
@article{Gagnaire2013,
author = {Gagnaire, Pierre-Alexandre and Pavey, Scott A. and Normandeau, Eric and Bernatchez, Louis},
title = {THE GENETIC ARCHITECTURE OF REPRODUCTIVE ISOLATION DURING SPECIATION-WITH-GENE-FLOW IN LAKE WHITEFISH SPECIES PAIRS ASSESSED BY RAD SEQUENCING},
journal = {Evolution},
volume = {67},
number = {9},
pages = {2483-2497},
doi = {10.1111/evo.12075},
year = {2013}
}
@article{Recknagel2015,
author = {Recknagel, Hans and Jacobs, Arne and Herzyk, Pawel and Elmer, Kathryn R.},
title = {Double-digest RAD sequencing using Ion Proton semiconductor platform (ddRADseq-ion) with nonmodel organisms},
journal = {Molecular Ecology Resources},
volume = {15},
number = {6},
pages = {1316-1329},
doi = {10.1111/1755-0998.12406},
year = {2015}
}
@article{Crotti2020,
author = {Crotti, Marco and Adams, Colin E. and Elmer, Kathryn R.},
title = {Population genomic SNPs from epigenetic RADs: Gaining genetic and epigenetic data from a single established next-generation sequencing approach},
journal = {Methods in Ecology and Evolution},
volume = {11},
number = {7},
pages = {839-849},
doi = {10.1111/2041-210X.13395},
year = {2020}
}
@article{Salas-Lizana2018,
author = {Salas-Lizana, Rodolfo and Oono, Ryoko},
title = {Double-digest RADseq loci using standard Illumina indexes improve deep and shallow phylogenetic resolution of Lophodermium, a widespread fungal endophyte of pine needles},
journal = {Ecology and Evolution},
volume = {8},
number = {13},
pages = {6638-6651},
doi = {10.1002/ece3.4147},
year = {2018}
}
@article{Mastretta-Yanes2015,
author = {Mastretta-Yanes, A. and Arrigo, N. and Alvarez, N. and Jorgensen, T. H. and Pi√±ero, D. and Emerson, B. C.},
title = {Restriction site-associated DNA sequencing, genotyping error estimation and de novo assembly optimization for population genetic inference},
journal = {Molecular Ecology Resources},
volume = {15},
number = {1},
pages = {28-41},
doi = {10.1111/1755-0998.12291},
year = {2015}
}
@article{Parchman2012,
author = {PARCHMAN, THOMAS L. and GOMPERT, ZACHARIAH and MUDGE, JOANN and SCHILKEY, FAYE D. and BENKMAN, CRAIG W. and BUERKLE, C. ALEX},
title = {Genome-wide association genetics of an adaptive trait in lodgepole pine},
journal = {Molecular Ecology},
volume = {21},
number = {12},
pages = {2991-3005},
doi = {10.1111/j.1365-294X.2012.05513.x},
year = {2012}
}
@article{DaCosta2014,
author = {DaCosta, J.M. and Sorenson, M.D.},
title = {Amplification biases and consistent recovery of loci in a double-digest {RAD}-seq protocol},
journal = {PLoS ONE},
volume = {9},
number = {9},
pages = {e106713},
year = {2014},
doi = {10.1371/journal.pone.0106713}
}
@article{Peterson2012,
author = {Peterson, Brant K. AND Weber, Jesse N. AND Kay, Emily H. AND Fisher, Heidi S. AND Hoekstra, Hopi E.},
journal = {PLOS ONE},
publisher = {Public Library of Science},
title = {Double Digest RADseq: An Inexpensive Method for De Novo SNP Discovery and Genotyping in Model and Non-Model Species},
year = {2012},
month = {05},
volume = {7},
number = {5},
doi = {10.1371/journal.pone.0037135},
pages = {1-11}
}