@article{Zhang2013,
    author = {Zhang, Jiajie and Kobert, Kassian and Flouri, Tomáš and Stamatakis, Alexandros},
    title = "{PEAR: a fast and accurate Illumina Paired-End reAd mergeR}",
    journal = {Bioinformatics},
    volume = {30},
    number = {5},
    pages = {614-620},
    year = {2013},
    doi = {10.1093/bioinformatics/btt593}
}
@article{Rognes2016,
  title={VSEARCH: a versatile open source tool for metagenomics},
  author={Rognes, Torbj{\o}rn and Flouri, Tom{\'a}{\v{s}} and Nichols, Ben and Quince, Christopher and Mah{\'e}, Fr{\'e}d{\'e}ric},
  journal={PeerJ},
  volume={4},
  pages={e2584},
  year={2016},
  publisher={PeerJ Inc.}
}